<record><leader>00000cas a2200000 a 4500</leader><controlfield tag="001">26521519</controlfield><controlfield tag="008">920902d19361947caudn ne      0    0eng c</controlfield><datafield ind1=" " ind2=" " tag="010"><subfield code="a">sn 92068951 </subfield></datafield><datafield ind1=" " ind2=" " tag="040"><subfield code="a">CUY</subfield><subfield code="b">eng</subfield><subfield code="c">CNK</subfield><subfield code="d">OCLCQ</subfield><subfield code="d">CNK</subfield><subfield code="d">OCLCQ</subfield><subfield code="d">OCLCF</subfield><subfield code="d">OCLCO</subfield></datafield><datafield ind1=" " ind2=" " tag="042"><subfield code="a">pcc</subfield></datafield><datafield ind1=" " ind2=" " tag="043"><subfield code="a">n-us-ca</subfield></datafield><datafield ind1="0" ind2="0" tag="245"><subfield code="a">Burlingame advance and Burlingame star.</subfield></datafield><datafield ind1="1" ind2="7" tag="246"><subfield code="a">Burlingame advance</subfield></datafield><datafield ind1=" " ind2=" " tag="260"><subfield code="a">Burlingame, Calif. :</subfield><subfield code="b">Peninsula Newspapers</subfield></datafield><datafield ind1=" " ind2=" " tag="300"><subfield code="a">v.</subfield></datafield><datafield ind1=" " ind2=" " tag="310"><subfield code="a">Daily (except Sunday)</subfield></datafield><datafield ind1="0" ind2=" " tag="362"><subfield code="a">Vol. 56, no. 282 (Dec. 1, 1936)-v. 41, no. 165 (July 11, 1947).</subfield></datafield><datafield ind1=" " ind2=" " tag="500"><subfield code="a">Special "San Mateo County Fiesta edition" published Sept. 20, 1938.</subfield></datafield><datafield ind1=" " ind2=" " tag="515"><subfield code="a">Irregular numbering.</subfield></datafield><datafield ind1=" " ind2=" " tag="530"><subfield code="a">Master negatives are available for duplication from:</subfield><subfield code="b">California Newspaper Microfilm Archive;</subfield><subfield code="c">positive copies may be purchased by the reel; for further information consult the CNMA at:</subfield><subfield code="u">http://cbsr.ucr.edu</subfield></datafield><datafield ind1=" " ind2="0" tag="651"><subfield code="a">Burlingame (Calif.)</subfield><subfield code="v">Newspapers.</subfield></datafield><datafield ind1=" " ind2="7" tag="655"><subfield code="a">Newspapers.</subfield><subfield code="2">fast</subfield><subfield code="0">(OCoLC)fst01423814</subfield></datafield><datafield ind1=" " ind2="7" tag="651"><subfield code="a">California</subfield><subfield code="z">Burlingame.</subfield><subfield code="2">fast</subfield><subfield code="0">(OCoLC)fst01214329</subfield></datafield><datafield ind1=" " ind2=" " tag="752"><subfield code="a">United States</subfield><subfield code="b">California</subfield><subfield code="c">San Mateo</subfield><subfield code="d">Burlingame.</subfield></datafield><datafield ind1="0" ind2=" " tag="775"><subfield code="t">Herald (Burlingame, Calif.)</subfield><subfield code="w">(DLC)sn 97069137</subfield></datafield><datafield ind1="0" ind2=" " tag="775"><subfield code="t">Herald and sun</subfield><subfield code="w">(DLC)sn 97069138</subfield></datafield><datafield ind1="0" ind2=" " tag="775"><subfield code="t">Herald and the Burlingame sun</subfield><subfield code="w">(DLC)sn 97060560</subfield></datafield><datafield ind1="0" ind2="0" tag="780"><subfield code="t">Advance-star (Burlingame, Calif. : 1935)</subfield><subfield code="w">(DLC)sn 97069132</subfield></datafield><datafield ind1="0" ind2="0" tag="785"><subfield code="t">Advance and Burlingame star</subfield><subfield code="w">(DLC)sn 97069133</subfield></datafield></record>